@inproceedings
{
  quote,
  title={A History in Layers},
  author={Jan Zalasiewicz},
  booktitle={Scientific American},
  pages={104--111},
  year={2016},
}